<record><leader>00000cas a22000007a 4500</leader><controlfield tag="001">24498311</controlfield><controlfield tag="008">911004d19511980nhudn ne      0    0eng d</controlfield><datafield ind1=" " ind2=" " tag="010"><subfield code="a">sn 91063177 </subfield></datafield><datafield ind1=" " ind2=" " tag="040"><subfield code="a">NVH</subfield><subfield code="b">eng</subfield><subfield code="c">NVH</subfield><subfield code="d">MGN</subfield><subfield code="d">CRL</subfield><subfield code="d">OCLCQ</subfield><subfield code="d">OCLCF</subfield><subfield code="d">OCLCO</subfield></datafield><datafield ind1=" " ind2=" " tag="042"><subfield code="a">msc</subfield></datafield><datafield ind1=" " ind2=" " tag="043"><subfield code="a">n-us-nh</subfield></datafield><datafield ind1="0" ind2=" " tag="130"><subfield code="a">Manchester New Hampshire union leader (Manchester, N.H. : City ed.)</subfield></datafield><datafield ind1="1" ind2="0" tag="245"><subfield code="a">Manchester New Hampshire union leader.</subfield></datafield><datafield ind1=" " ind2=" " tag="250"><subfield code="a">City ed.</subfield></datafield><datafield ind1=" " ind2=" " tag="260"><subfield code="a">Manchester, N.H. :</subfield><subfield code="b">Union Leader,</subfield><subfield code="c">1951-1980.</subfield></datafield><datafield ind1=" " ind2=" " tag="300"><subfield code="a">30 v.</subfield></datafield><datafield ind1=" " ind2=" " tag="310"><subfield code="a">Daily (except Sun.)</subfield></datafield><datafield ind1="1" ind2=" " tag="362"><subfield code="a">88th year, no. 224 (Jan. 9, 1951)-118th year, no. 152 (Sept. 23, 1980).</subfield></datafield><datafield ind1=" " ind2=" " tag="500"><subfield code="a">Later issues called: Greater Manchester ed.</subfield></datafield><datafield ind1=" " ind2=" " tag="530"><subfield code="a">Also issued on microfilm from Graphic Microfilm.</subfield></datafield><datafield ind1=" " ind2=" " tag="580"><subfield code="a">State ed.: Manchester New Hampshire union leader (Manchester, N.H. : State ed.).</subfield></datafield><datafield ind1=" " ind2=" " tag="580"><subfield code="a">Boston ed.: Manchester New Hampshire union leader (Manchester, N.H. : Boston ed.).</subfield></datafield><datafield ind1=" " ind2="0" tag="651"><subfield code="a">Manchester (N.H.)</subfield><subfield code="v">Newspapers.</subfield></datafield><datafield ind1=" " ind2="7" tag="655"><subfield code="a">Newspapers.</subfield><subfield code="2">fast</subfield><subfield code="0">(OCoLC)fst01423814</subfield></datafield><datafield ind1=" " ind2="7" tag="651"><subfield code="a">New Hampshire</subfield><subfield code="z">Manchester.</subfield><subfield code="2">fast</subfield><subfield code="0">(OCoLC)fst01212997</subfield></datafield><datafield ind1=" " ind2=" " tag="752"><subfield code="a">United States</subfield><subfield code="b">New Hampshire</subfield><subfield code="c">Hillsborough</subfield><subfield code="d">Manchester.</subfield></datafield><datafield ind1="1" ind2=" " tag="775"><subfield code="t">Manchester New Hampshire union leader (Manchester, N.H. : City ed.)</subfield><subfield code="w">(DLC)sn 83045198</subfield><subfield code="w">(OCoLC)9357619</subfield></datafield><datafield ind1="1" ind2=" " tag="775"><subfield code="t">Manchester New Hampshire union leader (Manchester, N.H. : Boston ed.)</subfield><subfield code="w">(DLC)sn 92056728</subfield><subfield code="w">(OCoLC)25998883</subfield></datafield><datafield ind1="0" ind2="0" tag="780"><subfield code="t">Manchester evening leader</subfield><subfield code="w">(DLC)sn 90062377</subfield><subfield code="w">(OCoLC)22400161</subfield></datafield><datafield ind1="0" ind2="0" tag="785"><subfield code="t">Union leader (Manchester, N.H. : Greater Manchester ed.)</subfield><subfield code="w">(DLC)sn 83045745</subfield><subfield code="w">(OCoLC)9638362</subfield></datafield></record>